% This file was created with JabRef 2.9.2.
% Encoding: Cp1250

@article {forester12,
   author = {Habermehl, Peter and Hol{\'i}k, Lukáš and Rogalewicz, Adam and {\v S}im{\' a}{\v c}ek, Jiří and Vojnar, Tomáš},
   title = {{Forest Automata for Verification of Heap Manipulation}},
   journal = {Formal Methods in System Design},
   publisher = {Springer Netherlands},
   volume = {41},
   number = {1},
   pages = {83--106},
   year = {2012},
}

@INPROCEEDINGS{libvata,
	author = "Lengál Ondřej and Šimáček Jiří and Vojnar Tomáš",
	title = {{VATA: A Library for Efficient Manipulation of Non-deterministic Tree Automata}},
	booktitle = {Proc. of TACAS 2012},
	year = {2012},
	isbn = {978-3-642-28755-8},
	location = {Tallinn, Estonia},
	volume={7214},
	pages = {79--94},
	numpages = {16},
}

@phdthesis{jiri:diza,
  author = {Ji\v{r}\'{i} \v{S}im\'{a}\v{c}ek},
  title = {{Harnessing Forest Automata for Verification of Heap Manipulating
    Programs}},
  school = {FIT BUT},
  year = {2012}
}

@incollection{atva13,
	title={Verification of Heap Manipulating Programs with Ordered Data by Extended Forest Automata},
	author={Abdulla, ParoshAziz and Holík, Lukáš and Jonsson, Bengt and Lengál, Ondřej and Trinh, CongQuy and Vojnar, Tomáš},
	booktitle={Automated Technology for Verification and Analysis},
	isbn={978-3-319-02443-1},
	year={2013},
	volume={8172},
	series={Lecture Notes in Computer Science},
	publisher={Springer International Publishing},
	pages={224-239},
	language={English}
}

@inproceedings{forester13,
	author={Holík, Lukáš and Lengál, Ondřej and Rogalewicz, Adam and Šimáček, Jiří and Vojnar, Tomáš},
	title= {{Fully Automated Shape Analysis Based on Forest Automata}},
	booktitle={Computer Aided Verification},
	volume={8044},
	series={Lecture Notes in Computer Science},
	isbn={978-3-642-39798-1},
	year={2013},
	publisher={Springer Berlin Heidelberg},
	pages={740-755},
	language={English}
}

@techreport{forester:techrep,
  author = {Habermehl, Peter and Hol{\'i}k, Lukáš and Rogalewicz, Adam and {\v S}im{\' a}{\v c}ek, Jiří and Vojnar, Tomáš},
  title = {{Forest Automata for Verification of Heap Manipulation}},
  number = {FIT-TR-2011-001},
  institution = {FIT BUT},
  year = {2011}
}

@techreport{techrep,
  author = {Hol{\'i}k, Lukáš and Leng\'al, Ondřej and Rogalewicz, Adam and {\v S}im{\' a}{\v c}ek, Jiří and Vojnar, Tomáš},
  title = {{Fully Automated Shape Analysis Based on Forest Automata}},
  number = {FIT-TR-2013-01},
  institution = {FIT BUT},
  year = {2013}
}

@inproceedings{forester11,
   author = {Habermehl, Peter and Hol{\'i}k, Lukáš and Rogalewicz, Adam and {\v S}im{\' a}{\v c}ek, Jiří and Vojnar, Tomáš},
   title = {{Forest Automata for Verification of Heap Manipulation}},
   booktitle = {Computer Aided Verification},
   publisher = {Springer Berlin Heidelberg},
   pages = {424--440},
   year = {2011},
   isbn={978-3-642-22109-5},
   volume={6806},
   series={Lecture Notes in Computer Science},
   editor={Gopalakrishnan, Ganesh and Qadeer, Shaz}
}

@inproceedings{tacas10,
	author = "Abdulla, Parosh Aziz  and Chen, Yu-Fang and Holík, Lukáš and Mayr, Richard and Vojnar, Tomáš",
	title = {{When Simulation Meets Antichains: On Checking Language Inclusion of Nondeterministic Finite (Tree) Automata}},
	booktitle = {{Proc. of TACAS 2010}},
 	year = {2010},
 	isbn = {3-642-12001-6, 978-3-642-12001-5},
	pages = {158--174},
 	numpages = {17},
	volume={6015},
	publisher = {Springer-Verlag},
}

@inproceedings{cousot:77,
 author = {Cousot, Patrick and Cousot, Radhia},
 title = {{Abstract Interpretation: A Unified Lattice Model for Static Analysis of Programs by Construction or Approximation of Fixpoints}A},
 booktitle = {Proceedings of the 4th ACM SIGACT-SIGPLAN Symposium on Principles of Programming Languages},
 series = {POPL '77},
 year = {1977},
 location = {Los Angeles, California},
 pages = {238--252},
 numpages = {15},
 publisher = {ACM},
 address = {New York, NY, USA},
}

@inproceedings{seplog,
 author = {Reynolds, John C.},
 title = {{Separation Logic: A Logic for Shared Mutable Data Structures}},
 booktitle = {Proceedings of the 17th Annual IEEE Symposium on Logic in Computer Science},
 series = {LICS '02},
 year = {2002},
 isbn = {0-7695-1483-9},
 pages = {55--74},
 numpages = {20},
 publisher = {IEEE Computer Society},
 address = {Washington, DC, USA},
} 

@incollection{seplog07,
	title = {{Shape Analysis for Composite Data Structures}},
	author = {Berdine, Josh and Calcagno, Cristiano and Cook, Byron and Distefano, Dino and O’Hearn, PeterW. and Wies, Thomas and Yang, Hongseok},
	year = {2007},
	isbn = {978-3-540-73367-6},
	booktitle = {Computer Aided Verification},
	volume = {4590},
	series = {Lecture Notes in Computer Science},
	publisher = {Springer Berlin Heidelberg},
	pages = {178-192},
	language = {English}
}

@article {artmc,
  author = {Bouajjani, Ahmed and Habermehl, Peter and Rogalewicz, Adam and Vojnar, Tomáš},
  title = {{Abstract Regular (Tree) Model Checking}},
  journal = {International Journal on Software Tools for Technology Transfer},
  publisher = {Springer-Verlag},
  volume = {14},
  number = {2},
  pages = {167--191},
  year = {2012}
}

@Book{fav:lecture,
	author = "Vojnar, Tomáš",
	title = "FAV lectures",
	address = "Brno, CZ",
	url = "www.fit.vutbr.cz/study/courses/FAV/public",
	revise = "2014-12-31"
}

@book{gamma95,
 author = {Gamma, Erich and Helm, Richard and Johnson, Ralph and Vlissides, John},
 title = {{Design Patterns: Elements of Reusable Object-oriented Software}},
 year = {1995},
 isbn = {0-201-63361-2},
 publisher = {Addison-Wesley Longman Publishing Co., Inc.},
 address = {Boston, MA, USA},
} 

@book{stroustrup13,
 author = {Stroustrup, Bjarne},
 title = {{The  C++ Programming Language}},
 year = {2013},
 isbn = {978-0321563842},
 edition = {4rd},
 publisher = {Addison-Wesley},
} 

@BOOK{taocp,
	author =       "Donald E. Knuth",
	title =        {The Art of Computer Programming, Vol.1},
	publisher =    "Addison-Wesley",
	edition =	   "3rd",
	year =         "1997",
	note =         "ISBN~0-201-89683-4",
}

@inproceedings{cl11,
   author = {Dudka, Kamil and Peringer, Petr and Vojnar, Tomáš},
   title = {{An Easy to Use Infrastructure for Building Static Analysis
	Tools}},
   pages = {328--329},
   booktitle = {Proceedings of the 13th International Conference on Computer
	Aided Systems Theory},
   year = {2011},
   location = {Universidad de Las Palmas de Canaria, ES},
   publisher = {The Universidad de Las Palmas de Gran Canaria},
   ISBN = {978-84-693-9560-8},
   language = {english},
}

@article{lod89,
 author = {Lieberherr, Karl J. and Holland, Ian M.},
 title = {{Assuring Good Style for Object-Oriented Programs}},
 journal = {IEEE Softw.},
 issue_date = {September 1989},
 volume = {6},
 number = {5},
 month = 9,
 year = {1989},
 issn = {0740-7459},
 pages = {38--48},
 numpages = {11},
 publisher = {IEEE Computer Society Press},
 address = {Los Alamitos, CA, USA},
} 

@incollection{dijkstra,
   author = "Edsger W. Dijkstra",
   title = {{Structured Programming}},
   month = "8",
   year = "1970",
   booktitle = "Software Engineering Techniques",
   publisher = "NATO Science Committee",
   url = "http://homepages.cs.ncl.ac.uk/brian.randell/NATO/nato1969.PDF",
   }

@misc{www:libvata,
	author = {Web pages of the VATA library},
	title = {{The VATA library}},
	year = "2012 [cit. 2014-12-31]",
	howpublished = "{\tt http://www.fit.vutbr.cz/research/groups/verifit/tools/libvata/}",
}

@misc{www:forester,
	author = {Web pages of Forester},
	title = "Forester",
	year = "2012 [cit. 2014-12-31]",
	howpublished = "{\tt http://www.fit.vutbr.cz/research/groups/verifit/tools/forester/}",
}

@misc{www:svcomp,
	author = {Web pages of SV-COMP 2015},
	title = {{SV-COMP 2015}},
	year = "2014 [cit. 2014-12-31]",
	howpublished = "{\tt sv-comp.sosy-lab.org/2015/}",
}

@misc{wiki:adapter,
   author = "Wikipedia",
   title = "Adapter pattern --- {W}ikipedia{,} {T}he {F}ree {E}ncyclopedia",
   year = "2014 [cit. 2014-12-31]",
   url = "http://en.wikipedia.org/wiki/Adapter_pattern",
}
@misc{timbuk,
	title = "Timbuk",
    author = {Web pages of Timbuk},
	year = "2012 [cit. 2014-12-31]",
	howpublished = "{\tt http://www.irisa.fr/celtique/genet/timbuk/}",
}

@masterthesis{mt:lengal,
	author = {Lengál, Ondřej},
	title = {{Efficient Library For Tree Automata}},
	school = {FIT BUT},
	note = {FIT BUT}, 
	year = {2010}
}

@bachelorthesis{bt:hruska,
	author = {Hruška, Martin},
	title = {{Efficient Algorithms For Finite Automata}},
	school = {FIT BUT},
	note = {FIT BUT}, 
	year = {2013}
}
